Trade_Time,Price_USD,Volume_BTC,Symbol
2025-09-30 20:02:21.502,114339.7,0.001,BTCUSDT
2025-09-30 20:02:21.529,114339.7,0.093,BTCUSDT
2025-09-30 20:02:21.529,114339.7,0.001,BTCUSDT
2025-09-30 20:02:21.529,114339.7,0.001,BTCUSDT
2025-09-30 20:02:21.529,114339.7,0.005,BTCUSDT
2025-09-30 20:02:21.604,114339.7,0.004,BTCUSDT
2025-09-30 20:02:21.604,114339.7,0.004,BTCUSDT
2025-09-30 20:02:21.679,114339.6,0.1,BTCUSDT
2025-09-30 20:02:21.920,114339.7,0.001,BTCUSDT
2025-09-30 20:02:21.975,114339.6,0.005,BTCUSDT
2025-09-30 20:02:22.170,114339.7,0.004,BTCUSDT
2025-09-30 20:02:22.170,114339.7,0.013,BTCUSDT
2025-09-30 20:02:22.177,114339.7,0.015,BTCUSDT
2025-09-30 20:02:22.218,114339.7,0.008,BTCUSDT
2025-09-30 20:02:22.265,114339.6,0.005,BTCUSDT
2025-09-30 20:02:22.326,114339.7,0.004,BTCUSDT
2025-09-30 20:02:22.403,114339.7,0.008,BTCUSDT
2025-09-30 20:02:22.417,114339.7,0.002,BTCUSDT
2025-09-30 20:02:22.482,114339.7,0.033,BTCUSDT
2025-09-30 20:02:22.549,114339.7,0.041,BTCUSDT
2025-09-30 20:02:22.847,114339.6,0.005,BTCUSDT
2025-09-30 20:02:23.005,114339.7,0.008,BTCUSDT
2025-09-30 20:02:23.205,114339.7,0.008,BTCUSDT
2025-09-30 20:02:23.618,114339.7,0.008,BTCUSDT
2025-09-30 20:02:24.042,114339.6,0.35,BTCUSDT
2025-09-30 20:02:24.154,114339.6,0.015,BTCUSDT
2025-09-30 20:02:24.228,114339.6,0.036,BTCUSDT
2025-09-30 20:02:24.317,114339.6,0.004,BTCUSDT
2025-09-30 20:02:24.536,114339.7,0.015,BTCUSDT
2025-09-30 20:02:24.706,114339.7,0.677,BTCUSDT
2025-09-30 20:02:24.713,114339.6,0.05,BTCUSDT
2025-09-30 20:02:24.805,114339.7,0.042,BTCUSDT
2025-09-30 20:02:24.807,114339.7,0.008,BTCUSDT
2025-09-30 20:02:24.888,114339.7,0.022,BTCUSDT
2025-09-30 20:02:24.893,114339.7,0.009,BTCUSDT
2025-09-30 20:02:25.003,114339.7,0.008,BTCUSDT
2025-09-30 20:02:25.212,114339.7,0.002,BTCUSDT
2025-09-30 20:02:25.257,114339.7,0.005,BTCUSDT
2025-09-30 20:02:25.543,114339.7,0.003,BTCUSDT
2025-09-30 20:02:25.637,114339.7,0.001,BTCUSDT
2025-09-30 20:02:25.685,114339.7,0.002,BTCUSDT
2025-09-30 20:02:25.738,114339.7,0.001,BTCUSDT
2025-09-30 20:02:25.992,114339.6,0.005,BTCUSDT
2025-09-30 20:02:26.122,114339.6,0.002,BTCUSDT
2025-09-30 20:02:26.199,114339.6,0.102,BTCUSDT
2025-09-30 20:02:26.202,114339.7,0.008,BTCUSDT
2025-09-30 20:02:26.205,114339.7,0.004,BTCUSDT
2025-09-30 20:02:26.347,114339.6,0.002,BTCUSDT
2025-09-30 20:02:26.389,114339.7,0.128,BTCUSDT
2025-09-30 20:02:26.409,114339.7,0.008,BTCUSDT
2025-09-30 20:02:26.499,114339.6,0.015,BTCUSDT
2025-09-30 20:02:26.503,114339.7,0.001,BTCUSDT
2025-09-30 20:02:26.619,114339.7,0.005,BTCUSDT
2025-09-30 20:02:26.832,114339.6,0.001,BTCUSDT
2025-09-30 20:02:26.832,114339.6,0.002,BTCUSDT
2025-09-30 20:02:26.832,114339.6,0.002,BTCUSDT
2025-09-30 20:02:26.832,114339.6,0.022,BTCUSDT
2025-09-30 20:02:26.832,114339.6,0.001,BTCUSDT
2025-09-30 20:02:26.832,114339.6,0.017,BTCUSDT
2025-09-30 20:02:26.832,114339.6,0.205,BTCUSDT
2025-09-30 20:02:26.859,114339.7,0.007,BTCUSDT
2025-09-30 20:02:26.926,114339.7,0.001,BTCUSDT
2025-09-30 20:02:26.936,114339.7,0.004,BTCUSDT
2025-09-30 20:02:27.003,114339.7,0.007,BTCUSDT
2025-09-30 20:02:27.004,114339.7,0.002,BTCUSDT
2025-09-30 20:02:27.149,114339.6,0.005,BTCUSDT
2025-09-30 20:02:27.164,114339.7,0.015,BTCUSDT
2025-09-30 20:02:27.204,114339.7,0.008,BTCUSDT
2025-09-30 20:02:27.402,114339.7,0.008,BTCUSDT
2025-09-30 20:02:27.488,114339.7,0.033,BTCUSDT
2025-09-30 20:02:27.628,114339.6,0.015,BTCUSDT
2025-09-30 20:02:28.703,114339.6,0.002,BTCUSDT
2025-09-30 20:02:28.703,114339.6,0.001,BTCUSDT
2025-09-30 20:02:28.803,114339.7,0.008,BTCUSDT
2025-09-30 20:02:29.065,114339.6,0.037,BTCUSDT
2025-09-30 20:02:29.065,114339.6,0.001,BTCUSDT
2025-09-30 20:02:29.065,114339.6,0.001,BTCUSDT
2025-09-30 20:02:29.065,114339.6,0.001,BTCUSDT
2025-09-30 20:02:29.065,114339.6,0.005,BTCUSDT
2025-09-30 20:02:29.065,114339.6,0.005,BTCUSDT
2025-09-30 20:02:29.065,114339.6,0.001,BTCUSDT
2025-09-30 20:02:29.065,114339.6,0.001,BTCUSDT
2025-09-30 20:02:29.065,114339.6,0.028,BTCUSDT
2025-09-30 20:02:29.065,114339.6,0.005,BTCUSDT
2025-09-30 20:02:29.065,114339.6,0.001,BTCUSDT
2025-09-30 20:02:29.065,114339.6,0.001,BTCUSDT
2025-09-30 20:02:29.065,114339.6,0.003,BTCUSDT
2025-09-30 20:02:29.065,114339.6,0.001,BTCUSDT
2025-09-30 20:02:29.065,114339.6,0.005,BTCUSDT
2025-09-30 20:02:29.065,114339.6,0.024,BTCUSDT
2025-09-30 20:02:29.283,114339.6,0.01,BTCUSDT
2025-09-30 20:02:29.283,114339.6,0.004,BTCUSDT
2025-09-30 20:02:29.283,114339.6,0.022,BTCUSDT
2025-09-30 20:02:29.415,114339.7,0.008,BTCUSDT
2025-09-30 20:02:29.418,114339.7,0.008,BTCUSDT
2025-09-30 20:02:29.530,114339.6,0.002,BTCUSDT
2025-09-30 20:02:29.875,114339.6,0.004,BTCUSDT
2025-09-30 20:02:29.875,114339.6,0.008,BTCUSDT
2025-09-30 20:02:29.875,114339.6,0.001,BTCUSDT
2025-09-30 20:02:30.213,114339.7,0.087,BTCUSDT
2025-09-30 20:02:30.216,114339.7,0.008,BTCUSDT
2025-09-30 20:02:30.219,114339.7,0.008,BTCUSDT
2025-09-30 20:02:30.543,114339.7,0.003,BTCUSDT
2025-09-30 20:02:30.637,114339.7,0.001,BTCUSDT
2025-09-30 20:02:30.685,114339.7,0.001,BTCUSDT
2025-09-30 20:02:30.786,114339.6,0.004,BTCUSDT
2025-09-30 20:02:30.786,114339.6,0.002,BTCUSDT
2025-09-30 20:02:30.786,114339.6,0.034,BTCUSDT
2025-09-30 20:02:30.786,114339.6,0.014,BTCUSDT
2025-09-30 20:02:30.997,114339.6,0.006,BTCUSDT
2025-09-30 20:02:30.997,114339.6,0.003,BTCUSDT
2025-09-30 20:02:30.997,114339.6,0.004,BTCUSDT
2025-09-30 20:02:30.997,114339.6,0.057,BTCUSDT
2025-09-30 20:02:30.997,114339.6,0.001,BTCUSDT
2025-09-30 20:02:30.997,114339.6,0.003,BTCUSDT
2025-09-30 20:02:30.997,114339.6,0.003,BTCUSDT
2025-09-30 20:02:30.997,114339.6,0.001,BTCUSDT
2025-09-30 20:02:30.997,114339.6,0.002,BTCUSDT
2025-09-30 20:02:30.997,114339.6,0.003,BTCUSDT
2025-09-30 20:02:31.002,114339.7,0.008,BTCUSDT
2025-09-30 20:02:31.085,114339.7,0.016,BTCUSDT
2025-09-30 20:02:31.212,114339.7,0.008,BTCUSDT
2025-09-30 20:02:31.218,114339.7,0.004,BTCUSDT
2025-09-30 20:02:31.280,114339.6,0.011,BTCUSDT
2025-09-30 20:02:31.413,114339.7,0.008,BTCUSDT
2025-09-30 20:02:31.496,114339.7,0.001,BTCUSDT
2025-09-30 20:02:31.499,114339.6,0.001,BTCUSDT
2025-09-30 20:02:31.515,114339.7,0.29,BTCUSDT
2025-09-30 20:02:31.515,114339.7,0.001,BTCUSDT
2025-09-30 20:02:31.515,114339.7,0.005,BTCUSDT
2025-09-30 20:02:31.515,114339.7,0.009,BTCUSDT
2025-09-30 20:02:31.515,114339.7,0.011,BTCUSDT
2025-09-30 20:02:31.515,114339.7,0.001,BTCUSDT
2025-09-30 20:02:31.515,114339.7,0.005,BTCUSDT
2025-09-30 20:02:31.515,114339.7,0.005,BTCUSDT
2025-09-30 20:02:31.515,114339.7,0.004,BTCUSDT
2025-09-30 20:02:31.515,114339.7,0.004,BTCUSDT
2025-09-30 20:02:31.515,114339.7,0.001,BTCUSDT
2025-09-30 20:02:31.515,114339.7,0.001,BTCUSDT
2025-09-30 20:02:31.515,114339.7,0.012,BTCUSDT
2025-09-30 20:02:31.805,114339.7,0.008,BTCUSDT
2025-09-30 20:02:31.817,114339.7,0.004,BTCUSDT
2025-09-30 20:02:31.893,114339.7,0.006,BTCUSDT
2025-09-30 20:02:31.911,114339.6,0.003,BTCUSDT
2025-09-30 20:02:31.917,114339.7,0.001,BTCUSDT
2025-09-30 20:02:32.094,114339.6,0.001,BTCUSDT
2025-09-30 20:02:32.172,114339.7,0.012,BTCUSDT
2025-09-30 20:02:32.172,114339.7,0.003,BTCUSDT
2025-09-30 20:02:32.205,114339.7,0.002,BTCUSDT
2025-09-30 20:02:32.205,114339.7,0.001,BTCUSDT
2025-09-30 20:02:32.205,114339.7,0.004,BTCUSDT
2025-09-30 20:02:32.205,114339.7,0.001,BTCUSDT
2025-09-30 20:02:32.339,114339.6,0.037,BTCUSDT
2025-09-30 20:02:32.480,114339.7,0.002,BTCUSDT
2025-09-30 20:02:32.480,114339.7,0.001,BTCUSDT
2025-09-30 20:02:32.480,114339.7,0.025,BTCUSDT
2025-09-30 20:02:32.480,114339.7,0.001,BTCUSDT
2025-09-30 20:02:32.480,114339.7,0.004,BTCUSDT
2025-09-30 20:02:32.545,114339.7,0.001,BTCUSDT
2025-09-30 20:02:32.545,114339.7,0.001,BTCUSDT
2025-09-30 20:02:32.705,114339.6,0.02,BTCUSDT
2025-09-30 20:02:33.013,114339.7,0.002,BTCUSDT
2025-09-30 20:02:33.013,114339.7,0.003,BTCUSDT
2025-09-30 20:02:33.013,114339.7,0.003,BTCUSDT
2025-09-30 20:02:33.017,114339.6,0.004,BTCUSDT
2025-09-30 20:02:33.291,114339.6,0.005,BTCUSDT
2025-09-30 20:02:33.366,114339.6,0.001,BTCUSDT
2025-09-30 20:02:33.482,114339.6,0.007,BTCUSDT
2025-09-30 20:02:33.543,114339.7,0.014,BTCUSDT
2025-09-30 20:02:33.565,114339.6,0.002,BTCUSDT
2025-09-30 20:02:33.672,114339.6,0.001,BTCUSDT
2025-09-30 20:02:33.925,114339.6,0.022,BTCUSDT
2025-09-30 20:02:33.925,114339.6,0.004,BTCUSDT
2025-09-30 20:02:33.925,114339.6,0.025,BTCUSDT
2025-09-30 20:02:33.925,114339.6,0.082,BTCUSDT
2025-09-30 20:02:34.013,114339.7,0.008,BTCUSDT
2025-09-30 20:02:34.214,114339.6,0.437,BTCUSDT
2025-09-30 20:02:34.500,114339.6,0.002,BTCUSDT
2025-09-30 20:02:34.500,114339.6,0.001,BTCUSDT
2025-09-30 20:02:34.500,114339.6,0.004,BTCUSDT
2025-09-30 20:02:34.500,114339.6,0.038,BTCUSDT
2025-09-30 20:02:34.500,114339.6,0.001,BTCUSDT
2025-09-30 20:02:34.500,114339.6,0.002,BTCUSDT
2025-09-30 20:02:34.500,114339.6,0.004,BTCUSDT
2025-09-30 20:02:34.500,114339.6,0.003,BTCUSDT
2025-09-30 20:02:34.500,114339.6,0.002,BTCUSDT
2025-09-30 20:02:34.500,114339.6,0.001,BTCUSDT
2025-09-30 20:02:34.500,114339.6,0.168,BTCUSDT
2025-09-30 20:02:34.500,114339.6,0.002,BTCUSDT
2025-09-30 20:02:34.545,114339.5,0.001,BTCUSDT
2025-09-30 20:02:34.545,114339.5,0.001,BTCUSDT
2025-09-30 20:02:34.545,114339.5,0.005,BTCUSDT
2025-09-30 20:02:34.545,114339.5,0.081,BTCUSDT
2025-09-30 20:02:34.545,114339.5,0.044,BTCUSDT
2025-09-30 20:02:34.545,114339.5,0.002,BTCUSDT
2025-09-30 20:02:34.545,114339.5,0.072,BTCUSDT
2025-09-30 20:02:34.545,114339.5,0.212,BTCUSDT
2025-09-30 20:02:34.545,114339.5,0.03,BTCUSDT
2025-09-30 20:02:34.545,114339.5,0.001,BTCUSDT
2025-09-30 20:02:34.545,114339.5,0.017,BTCUSDT
2025-09-30 20:02:34.545,114339.5,0.001,BTCUSDT
2025-09-30 20:02:34.545,114339.5,0.001,BTCUSDT
2025-09-30 20:02:34.545,114339.5,0.009,BTCUSDT
2025-09-30 20:02:34.545,114339.5,0.038,BTCUSDT
2025-09-30 20:02:34.545,114339.5,0.002,BTCUSDT
2025-09-30 20:02:34.545,114339.4,0.001,BTCUSDT
2025-09-30 20:02:34.545,114339.2,0.02,BTCUSDT
2025-09-30 20:02:34.545,114339.1,0.002,BTCUSDT
2025-09-30 20:02:34.545,114339.1,0.035,BTCUSDT
2025-09-30 20:02:34.545,114339.1,0.002,BTCUSDT
2025-09-30 20:02:34.545,114339.0,0.002,BTCUSDT
2025-09-30 20:02:34.559,114338.7,0.008,BTCUSDT
2025-09-30 20:02:34.559,114338.7,0.009,BTCUSDT
2025-09-30 20:02:34.559,114338.7,0.001,BTCUSDT
2025-09-30 20:02:34.559,114338.7,0.001,BTCUSDT
2025-09-30 20:02:34.559,114338.6,0.001,BTCUSDT
2025-09-30 20:02:34.559,114338.4,0.001,BTCUSDT
2025-09-30 20:02:34.568,114338.4,0.001,BTCUSDT
2025-09-30 20:02:34.568,114338.2,0.031,BTCUSDT
2025-09-30 20:02:34.568,114337.9,0.001,BTCUSDT
2025-09-30 20:02:34.568,114337.8,0.002,BTCUSDT
2025-09-30 20:02:34.568,114337.8,0.002,BTCUSDT
2025-09-30 20:02:34.568,114337.2,0.001,BTCUSDT
2025-09-30 20:02:34.568,114337.2,0.001,BTCUSDT
2025-09-30 20:02:34.568,114337.2,0.002,BTCUSDT
2025-09-30 20:02:34.568,114336.8,0.002,BTCUSDT
2025-09-30 20:02:34.568,114336.8,0.002,BTCUSDT
2025-09-30 20:02:34.568,114336.6,0.001,BTCUSDT
2025-09-30 20:02:34.568,114336.6,0.002,BTCUSDT
2025-09-30 20:02:34.568,114336.4,0.002,BTCUSDT
2025-09-30 20:02:34.568,114336.3,0.002,BTCUSDT
2025-09-30 20:02:34.569,114336.0,0.002,BTCUSDT
2025-09-30 20:02:34.576,114335.8,0.001,BTCUSDT
2025-09-30 20:02:34.576,114335.5,0.001,BTCUSDT
2025-09-30 20:02:34.576,114335.4,0.001,BTCUSDT
2025-09-30 20:02:34.576,114335.4,0.002,BTCUSDT
2025-09-30 20:02:34.576,114335.4,0.017,BTCUSDT
2025-09-30 20:02:34.581,114335.3,0.002,BTCUSDT
2025-09-30 20:02:34.581,114335.2,0.001,BTCUSDT
2025-09-30 20:02:34.581,114335.1,0.001,BTCUSDT
2025-09-30 20:02:34.581,114335.0,0.001,BTCUSDT
2025-09-30 20:02:34.581,114334.9,0.002,BTCUSDT
2025-09-30 20:02:34.581,114334.9,0.001,BTCUSDT
2025-09-30 20:02:34.581,114334.9,0.001,BTCUSDT
2025-09-30 20:02:34.581,114334.8,0.002,BTCUSDT
2025-09-30 20:02:34.581,114334.7,0.005,BTCUSDT
2025-09-30 20:02:34.592,114334.8,0.004,BTCUSDT
2025-09-30 20:02:34.592,114334.8,0.001,BTCUSDT
2025-09-30 20:02:34.592,114334.6,0.001,BTCUSDT
2025-09-30 20:02:34.592,114334.6,0.001,BTCUSDT
2025-09-30 20:02:34.592,114334.6,0.001,BTCUSDT
2025-09-30 20:02:34.592,114334.6,0.001,BTCUSDT
2025-09-30 20:02:34.592,114334.5,0.001,BTCUSDT
2025-09-30 20:02:34.592,114334.3,0.07,BTCUSDT
2025-09-30 20:02:34.593,114334.3,0.007,BTCUSDT
2025-09-30 20:02:34.593,114334.2,0.002,BTCUSDT
2025-09-30 20:02:34.593,114334.2,0.001,BTCUSDT
2025-09-30 20:02:34.593,114334.2,0.002,BTCUSDT
2025-09-30 20:02:34.593,114334.2,0.066,BTCUSDT
2025-09-30 20:02:34.593,114334.0,0.001,BTCUSDT
2025-09-30 20:02:34.609,114333.9,0.002,BTCUSDT
2025-09-30 20:02:34.609,114333.9,0.051,BTCUSDT
2025-09-30 20:02:34.632,114333.9,0.149,BTCUSDT
2025-09-30 20:02:34.632,114333.9,0.018,BTCUSDT
2025-09-30 20:02:34.632,114333.9,0.001,BTCUSDT
2025-09-30 20:02:34.632,114333.9,0.002,BTCUSDT
2025-09-30 20:02:34.632,114333.6,0.002,BTCUSDT
2025-09-30 20:02:34.642,114333.3,0.001,BTCUSDT
2025-09-30 20:02:34.642,114333.3,0.004,BTCUSDT
2025-09-30 20:02:34.642,114333.3,0.001,BTCUSDT
2025-09-30 20:02:34.642,114333.3,0.061,BTCUSDT
2025-09-30 20:02:34.642,114333.3,0.001,BTCUSDT
2025-09-30 20:02:34.642,114333.3,0.001,BTCUSDT
2025-09-30 20:02:34.642,114333.2,0.002,BTCUSDT
2025-09-30 20:02:34.642,114333.0,0.002,BTCUSDT
2025-09-30 20:02:34.642,114332.7,0.037,BTCUSDT
2025-09-30 20:02:34.642,114332.4,0.002,BTCUSDT
2025-09-30 20:02:34.642,114332.3,0.001,BTCUSDT
2025-09-30 20:02:34.642,114332.1,0.001,BTCUSDT
2025-09-30 20:02:34.642,114332.0,0.001,BTCUSDT
2025-09-30 20:02:34.642,114332.0,0.002,BTCUSDT
2025-09-30 20:02:34.642,114331.8,0.001,BTCUSDT
2025-09-30 20:02:34.642,114331.8,0.002,BTCUSDT
2025-09-30 20:02:34.642,114331.4,0.002,BTCUSDT
2025-09-30 20:02:34.642,114331.4,0.008,BTCUSDT
2025-09-30 20:02:34.642,114331.3,0.002,BTCUSDT
2025-09-30 20:02:34.642,114331.3,0.001,BTCUSDT
2025-09-30 20:02:34.642,114331.2,0.002,BTCUSDT
2025-09-30 20:02:34.642,114331.0,0.066,BTCUSDT
2025-09-30 20:02:34.642,114330.9,0.002,BTCUSDT
2025-09-30 20:02:34.642,114330.8,0.005,BTCUSDT
2025-09-30 20:02:34.642,114330.7,0.001,BTCUSDT
2025-09-30 20:02:34.642,114330.6,0.002,BTCUSDT
2025-09-30 20:02:34.642,114330.6,0.002,BTCUSDT
2025-09-30 20:02:34.642,114330.4,0.001,BTCUSDT
2025-09-30 20:02:34.642,114330.3,0.002,BTCUSDT
2025-09-30 20:02:34.642,114330.3,0.002,BTCUSDT
2025-09-30 20:02:34.642,114330.1,0.007,BTCUSDT
2025-09-30 20:02:34.642,114330.0,0.001,BTCUSDT
2025-09-30 20:02:34.642,114330.0,0.001,BTCUSDT
2025-09-30 20:02:34.642,114330.0,0.001,BTCUSDT
2025-09-30 20:02:34.642,114330.0,0.002,BTCUSDT
2025-09-30 20:02:34.642,114330.0,0.018,BTCUSDT
2025-09-30 20:02:34.642,114329.9,0.001,BTCUSDT
2025-09-30 20:02:34.642,114329.7,0.017,BTCUSDT
2025-09-30 20:02:34.642,114329.7,0.002,BTCUSDT
2025-09-30 20:02:34.642,114329.6,0.132,BTCUSDT
2025-09-30 20:02:34.643,114329.6,0.011,BTCUSDT
2025-09-30 20:02:34.655,114329.6,0.001,BTCUSDT
2025-09-30 20:02:34.671,114329.7,0.24,BTCUSDT
2025-09-30 20:02:34.801,114329.7,0.008,BTCUSDT
2025-09-30 20:02:34.937,114329.7,0.001,BTCUSDT
2025-09-30 20:02:35.150,114329.7,0.003,BTCUSDT
2025-09-30 20:02:35.192,114329.6,0.001,BTCUSDT
2025-09-30 20:02:35.192,114329.6,0.001,BTCUSDT
2025-09-30 20:02:35.192,114329.6,0.001,BTCUSDT
2025-09-30 20:02:35.192,114329.6,0.001,BTCUSDT
2025-09-30 20:02:35.192,114329.6,0.001,BTCUSDT
2025-09-30 20:02:35.192,114329.6,0.024,BTCUSDT
2025-09-30 20:02:35.192,114329.6,0.023,BTCUSDT
2025-09-30 20:02:35.206,114329.7,0.008,BTCUSDT
2025-09-30 20:02:35.403,114329.7,0.009,BTCUSDT
2025-09-30 20:02:35.536,114329.7,0.003,BTCUSDT
2025-09-30 20:02:35.604,114329.7,0.008,BTCUSDT
2025-09-30 20:02:35.778,114329.7,0.1,BTCUSDT
2025-09-30 20:02:35.780,114329.6,0.003,BTCUSDT
